@article{Politz:2012:TSG:2480360.2384579,
 author = {Politz, Joe Gibbs and Carroll, Matthew J. and Lerner, Benjamin S. and Pombrio, Justin and Krishnamurthi, Shriram},
 title = {A tested semantics for getters, setters, and eval in JavaScript},
 journal = {SIGPLAN Not.},
 issue_date = {February 2013},
 volume = {48},
 number = {2},
 month = oct,
 year = {2012},
 issn = {0362-1340},
 pages = {1--16},
 numpages = {16},
 url = {http://doi.acm.org/10.1145/2480360.2384579},
 doi = {10.1145/2480360.2384579},
 acmid = {2384579},
 publisher = {ACM},
 address = {New York, NY, USA},
 keywords = {LambdaJS, accessors, desugar, eval, getters, javascript, setters, wat},
} 

@article{DBLP:journals/corr/abs-1109-4467,
  author    = {David Van Horn and
               Matthew Might},
  title     = {An Analytic Framework for JavaScript},
  journal   = {CoRR},
  volume    = {abs/1109.4467},
  year      = {2011},
  ee        = {http://arxiv.org/abs/1109.4467},
  bibsource = {DBLP, http://dblp.uni-trier.de}
}

@inproceedings{Richards:dynamism,
 author = {Richards, Gregor and Lebresne, Sylvain and Burg, Brian and Vitek, Jan},
 title = {An analysis of the dynamic behavior of JavaScript programs},
 booktitle = {Proceedings of the 2010 ACM SIGPLAN conference on Programming language design and implementation},
 series = {PLDI '10},
 year = {2010},
 isbn = {978-1-4503-0019-3},
 location = {Toronto, Ontario, Canada},
 pages = {1--12},
 numpages = {12},
 url = {http://doi.acm.org/10.1145/1806596.1806598},
 doi = {10.1145/1806596.1806598},
 acmid = {1806598},
 publisher = {ACM},
 address = {New York, NY, USA},
 keywords = {dynamic behavior, dynamic metrics, execution tracing, javascript, program analysis},
} 

@incollection{Ramalingam:PLS,
year={2008},
isbn={978-3-540-89329-5},
booktitle={Programming Languages and Systems},
volume={5356},
series={Lecture Notes in Computer Science},
editor={Ramalingam, G.},
doi={10.1007/978-3-540-89330-1\_22},
title={An Operational Semantics for JavaScript},
url={http://dx.doi.org/10.1007/978-3-540-89330-1\_22},
publisher={Springer Berlin Heidelberg},
author={Maffeis, Sergio and Mitchell, JohnC. and Taly, Ankur},
pages={307-325}
}

@inproceedings{Guha:2010:EJ:1883978.1883988,
 author = {Guha, Arjun and Saftoiu, Claudiu and Krishnamurthi, Shriram},
 title = {The essence of javascript},
 booktitle = {Proceedings of the 24th European conference on Object-oriented programming},
 series = {ECOOP'10},
 year = {2010},
 isbn = {3-642-14106-4, 978-3-642-14106-5},
 location = {Maribor, Slovenia},
 pages = {126--150},
 numpages = {25},
 url = {http://dl.acm.org/citation.cfm?id=1883978.1883988},
 acmid = {1883988},
 publisher = {Springer-Verlag},
 address = {Berlin, Heidelberg},
} 

@article{ecma2009ecma,
  title={262: ECMAScript Language Specification, December 1999},
  author={Standard, ECMA},
  journal={Web link: http://www. ecma-international. org/publications/standards/Ecma-262. htm}
}

@inproceedings{Guha:2009:USA:1526709.1526785,
 author = {Guha, Arjun and Krishnamurthi, Shriram and Jim, Trevor},
 title = {Using static analysis for Ajax intrusion detection},
 booktitle = {Proceedings of the 18th international conference on World wide web},
 series = {WWW '09},
 year = {2009},
 isbn = {978-1-60558-487-4},
 location = {Madrid, Spain},
 pages = {561--570},
 numpages = {10},
 url = {http://doi.acm.org/10.1145/1526709.1526785},
 doi = {10.1145/1526709.1526785},
 acmid = {1526785},
 publisher = {ACM},
 address = {New York, NY, USA},
 keywords = {Ajax, control-flow analysis, intrusion detection, javascript},
} 

@inproceedings{jang2009points,
  title={Points-to analysis for JavaScript},
  author={Jang, Dongseok and Choe, Kwang-Moo},
  booktitle={Proceedings of the 2009 ACM symposium on Applied Computing},
  pages={1930--1937},
  year={2009},
  organization={ACM}
}

@book{felleisen1986control,
  title={Control Operators, the SECD-machine, and the [1]-calculus},
  author={Felleisen, Matthias and Friedman, Daniel P},
  year={1986},
  publisher={Indiana University, Computer Science Department}
}

@book{felleisen2009semantics,
  title={Semantics Engineering with PLT Redex},
  author={Felleisen, Matthias and Findler, Robert Bruce and Flatt, Matthew},
  year={2009},
  publisher={The MIT Press}
}

@inproceedings{van2010abstracting,
  title={Abstracting abstract machines},
  author={Van Horn, David and Might, Matthew},
  booktitle={ACM Sigplan Notices},
  volume={45},
  number={9},
  pages={51--62},
  year={2010},
  organization={ACM}
}

@article{DBLP:journals/corr/abs-1211-3722,
  author    = {J. Ian Johnson and
               Matthew Might and
               David Van Horn},
  title     = {Optimizing Abstract Abstract Machines},
  journal   = {CoRR},
  volume    = {abs/1211.3722},
  year      = {2012},
  ee        = {http://arxiv.org/abs/1211.3722},
  bibsource = {DBLP, http://dblp.uni-trier.de}
}

@inproceedings{chugh2009staged,
  title={Staged information flow for JavaScript},
  author={Chugh, Ravi and Meister, Jeffrey A and Jhala, Ranjit and Lerner, Sorin},
  booktitle={ACM Sigplan Notices},
  volume={44},
  number={6},
  pages={50--62},
  year={2009},
  organization={ACM}
}

@incollection{maffeis2009isolating,
  title={Isolating JavaScript with filters, rewriting, and wrappers},
  author={Maffeis, Sergio and Mitchell, John C and Taly, Ankur},
  booktitle={Computer Security--ESORICS 2009},
  pages={505--522},
  year={2009},
  publisher={Springer}
}

@inproceedings{Yu:2007:JIB:1190216.1190252,
 author = {Yu, Dachuan and Chander, Ajay and Islam, Nayeem and Serikov, Igor},
 title = {JavaScript instrumentation for browser security},
 booktitle = {Proceedings of the 34th annual ACM SIGPLAN-SIGACT symposium on Principles of programming languages},
 series = {POPL '07},
 year = {2007},
 isbn = {1-59593-575-4},
 location = {Nice, France},
 pages = {237--249},
 numpages = {13},
 url = {http://doi.acm.org/10.1145/1190216.1190252},
 doi = {10.1145/1190216.1190252},
 acmid = {1190252},
 publisher = {ACM},
 address = {New York, NY, USA},
 keywords = {JavaScript, edit automata, program instrumentation, web browser},
} 

@inproceedings{vogt2007cross,
  title={Cross Site Scripting Prevention with Dynamic Data Tainting and Static Analysis.},
  author={Vogt, Philipp and Nentwich, Florian and Jovanovic, Nenad and Kirda, Engin and Kruegel, Christopher and Vigna, Giovanni},
  booktitle={NDSS},
  year={2007}
}

@phdthesis{anderson2006type,
  title={Type inference for Javascript},
  author={Anderson, Christopher Lyon and Drossopoulou, Sophia},
  year={2006},
  school={University of London}
}

@article{anderson2003babyj,
  title={BabyJ: From object based to class based programming via types},
  author={Anderson, Christopher and Drossopoulou, Sophia},
  journal={Electronic Notes in Theoretical Computer Science},
  volume={82},
  number={8},
  pages={53--81},
  year={2003},
  publisher={Elsevier}
}

@article{anderson2005type,
  title={Type checking for JavaScript},
  author={Anderson, Christopher and Giannini, Paola},
  journal={Electronic Notes in Theoretical Computer Science},
  volume={138},
  number={2},
  pages={37--58},
  year={2005},
  publisher={Elsevier}
}

@incollection{heidegger2010recency,
  title={Recency types for analyzing scripting languages},
  author={Heidegger, Phillip and Thiemann, Peter},
  booktitle={ECOOP 2010--Object-Oriented Programming},
  pages={200--224},
  year={2010},
  publisher={Springer}
}

@inproceedings{heidegger2009recency,
  title={Recency types for dynamically-typed, object-based languages: Strong updates for JavaScript},
  author={Heidegger, Phillip and Thiemann, Peter},
  booktitle={ACM SIGPLAN International Workshop on Foundations of Object-Oriented Languages},
  year={2009}
}

@inproceedings{hackett2012fast,
  title={Fast and precise hybrid type inference for JavaScript},
  author={Hackett, Brian and Guo, Shu-yu},
  booktitle={ACM SIGPLAN Notices},
  volume={47},
  number={6},
  pages={239--250},
  year={2012},
  organization={ACM}
}

@article{landin1966next,
  title={The next 700 programming languages},
  author={Landin, Peter J},
  journal={Communications of the ACM},
  volume={9},
  number={3},
  pages={157--166},
  year={1966},
  publisher={ACM}
}

@article{fulara2012generic,
  title={Generic abstraction of dictionaries and arrays},
  author={Fulara, J{\k{e}}drzej},
  journal={Electronic Notes in Theoretical Computer Science},
  volume={287},
  pages={53--64},
  year={2012},
  publisher={Elsevier}
}

@inproceedings{liang2012hash,
  title={Hash-flow taint analysis of higher-order programs},
  author={Liang, Shuying and Might, Matthew},
  booktitle={Proceedings of the 7th Workshop on Programming Languages and Analysis for Security},
  pages={8},
  year={2012},
  organization={ACM}
}

@inproceedings{jensen2012remedying,
  title={Remedying the eval that men do},
  author={Jensen, Simon Holm and Jonsson, Peter A and M{\o}ller, Anders},
  booktitle={Proceedings of the 2012 International Symposium on Software Testing and Analysis},
  pages={34--44},
  year={2012},
  organization={ACM}
}

@incollection{costantini2011static,
  title={Static analysis of string values},
  author={Costantini, Giulia and Ferrara, Pietro and Cortesi, Agostino},
  booktitle={Formal Methods and Software Engineering},
  pages={505--521},
  year={2011},
  publisher={Springer}
}